
@InProceedings{Roth03MRNet,
  Title                    = {M{RN}et: {A S}oftware-{B}ased {M}ulticast/{R}eduction {N}etwork for {S}calable {T}ools},
  Author                   = {Philip C. Roth and Dorian C. Arnold and Barton P. Miller},
  Booktitle                = {SC '03: Proceedings of the 2003 ACM/IEEE conference on Supercomputing},
  Year                     = {2003},

  Address                  = {Washington, DC, USA},
  Pages                    = {21},
  Publisher                = {IEEE Computer Society},

  ISBN                     = {1-58113-695-1},
  Owner                    = {gllort},
  Timestamp                = {2007.06.04}
}

@Misc{MRNetUG,
  Title                    = {{MRN}et {API} {P}rogrammer's {G}uide},

  Author                   = {University of Wisconsin},
  HowPublished             = {http://www.paradyn.org/mrnet},

  Owner                    = {gllort},
  Timestamp                = {2015.03.11}
}

